@Article{Horvitz+Thompson:1952,
  author = {D. G. Horvitz and D. J. Thompson},
  title = {A generalization of sampling without replacement from a finite
           universe},
  journal = {Journal of the American Statistical Association},
  year = 1952,
  volume = 47,
  pages = {663-685}
}

@InProceedings{Kincaid:2000,
  author = {Thomas M. Kincaid},
  title = {Testing for differences between cumulative distribution functions
              from complex environmental sampling surveys},
  year = 2000,
  booktitle = {{Proceeding of the Section on Statistics and the Environment}},
  organization = {{American Statistical Association}},
  address = "Alexandria, VA",
}

@Article{Rao+Scott:1981,
  author = {J. N. K. Rao and A. J. Scott},
  title = {The analysis of categorical data from complex sample surveys:
           chi-squared tests for goodness of fit and independence in two-way
           tables},
  journal = {Journal of the American Statistical Association},
  year = 1981,
  volume = 76,
  pages = {221-230}
}

@Article{Rao+Thomas:1988,
  author = {J. N. K. Rao and D. Roland Thomas},
  title = {The analysis of cross-classified categorical data from complex sample
           surveys},
  journal = {Sociological Methodology},
  year = 1988,
  volume = 18,
  pages = {213-269}
}

@Article{Thomas:1996,
  author = {D. Roland Thomas and G. R. Roberts and A. C. Singh},
  title = {Tests of independence on two-way tables under cluster sampling},
  journal = {International Statistical Review},
  year = 1996,
  volume = 64,
  pages = {295-311}
}

@Article{Wald:1943,
  author = {A. Wald},
  title = {Tests of statistical hypotheses concerning several parameters when
           the number of observations is large},
  journal = {Transactions of the American Mathematical Society},
  year = 1943,
  volume = 54,
  pages = {426-482}
}
